% -*-coding: utf-8;-*-
@INPROCEEDINGS{filfil-iwk1982,
  author =	 "Filaretov G. F. and Filatow A. S.",
  title =	 "Methoden zur schnellsten Bestimmung des Momentes der Änderung der Charakteristik zufälliger Prozesse",
  booktitle =	 "XXVII Internationales Wiss.Kollogwium",
  pages =        "233--236",
  year =	 "1982",
  address =	 "TH Ilmenau",
}

@BOOK{wasser92,
  author =       "Уоссермен Ф.",
  title =        "Нейрокомпьютерная техника: теория и практика",
  publisher =    "М.:Мир",
  year =         "1992",
}

@ARTICLE{bondlog97,
  author =	 "Бондарь Т. А. and Логовский А. С.",
  title =	 "Нейрокомпьютеры в управлении",
  journal =	 "Зарубежная радиоэлектроника: Успехи современной
                  радиоэлектроники",
  year =	 "1997",
  number =	 "2"
}

@ARTICLE{kak95,
  author =       "Kak S. C.",
  title =        "On Quantum Neural Computing",
  journal =      "Information Sciences",
  year =         "1995",
  volume =       "83",
  pages =        "143--160"
}

@BOOK{penrose95,
  author =       "Penrose K.",
  title =        "The shadows of mind",
  publisher =    "Vintage",
  year =         "1995"
}

@BOOK{gal74,
  author =       "Галушкин А. И.",
  title =        "Синтез многослойных систем распознавания",
  publisher =    "М.:Энергия",
  year =         "1974"
}

@ARTICLE{galsud92,
  author =	 "Галушкин А. И. and Судариков В. А.",
  title =	 "Адаптивные нейросетевые алгоритмы решения задач
                  линейной алгебры",
  journal =	 "Нейрокомпьютер",
  year =	 "1992",
  number =	 "2"
}

@ARTICLE{galdsudshab92,
  author =       "Галушкин А. И. and Судариков В. А. and Шабанов Е. В.",
  title =        "Методика решения задач на нейрокомпьютерах",
  journal =      "Нейрокомпьютер",
  year =         "1992",
  number =       "1"
}

@BOOK{koh80,
  author =       "Кохонен Т.",
  title =        "Ассоциативная память",
  publisher =    "М.:Мир",
  year =         "1980"
}

@BOOK{suykens96,
  author =	 "Suykens J. А. К. and Vandewalle J. P. L. and Moor
                  В. L. R.",
  title =	 "Artificial neural networks for modelling and control
                  of non-linear systems",
  publisher =	 "Kluwer Academic Publishers",
  year =	 "1996"
}

@BOOK{warren97,
  author =       "Warren S. S.",
  title =        "comp.ai.neural-nets FAQ",
  publisher =    "Usenet",
  year =         "1997"
}

@INPROCEEDINGS{ident70,
  author =	 "Ермуратский П. В. and Круг Г. К. and Лецкий Э. К.",
  title =	 "Методологические вопросы исследования и управления
                  сложными технологическими процессами",
  booktitle =	 "Идентификация и аппаратура для статистических
                  исследований",
  publisher =	 "М.:Наука",
  year =	 "1970",
  pages =	 "7--18"
}

@BOOK{kurop73,
  author =       "Куропаткин П. В.",
  title =        "Теория автоматического управления",
  publisher =    "М.:Высшая школа",
  year =         "1973"
}

@BOOK{netush68,
  editor =       "Нетушил А. В.",
  title =        "Теория автоматического управления. Часть~I",
  publisher =    "М.:Высшая школа",
  year =         "1968"
}

@BOOK{netush72,
  editor =       "Нетушил А. В.",
  title =        "Теория автоматического управления. Часть~II",
  publisher =    "М.:Высшая школа",
  year =         "1972"
}

@BOOK{solod60,
  author =       "Солодовников В. В.",
  title =        "Статистическая динамика линейных систем автоматического
                  управления",
  publisher =    "М.:Физматгиз",
  year =         "1960"
}

@BOOK{skliar65,
  author =       "Скляревич А. Н.",
  title =        "Операторные методы в статистической динамике
                  автоматических систем",
  publisher =    "М.:Наука",
  year =         "1965"
}

@BOOK{medv82,
  author =       "Астапов Ю. М. and Медведев В. С.",
  title =        "Статистическая теория систем автоматического
                  регулирования и управления",
  publisher =    "М.:Наука",
  year =         "1982"
}

@BOOK{tsipkin58,
  author =       "Цыпкин Я. З.",
  title =        "Теория импульсных систем",
  publisher =    "М.:Наука",
  year =         "1958"
}

@BOOK{jenkwatts71,
  author =       "Дженкинс Г. and Ваттс Д.",
  title =        "Спектральный анализ и его приложения",
  publisher =    "М.:Мир",
  year =         "1971",
  volume =       "1"
}

@BOOK{boxjenk74,
  author =       "Бокс Дж. and Дженкинс Г.",
  title =        "Анализ временных рядов. Прогноз и управление",
  publisher =    "М.:Мир",
  year =         "1974",
  volume =       "2"
}

@BOOK{aivmhit98,
  author =       "Айвазян С. А. and Мхитарян В. С.",
  title =        "Прикладная статистика и основы эконометрики",
  publisher =    "ЮНИТИ",
  year =         "1998"
}

@BOOK{leondes70,
  editor =       "Леондес К. Т.",
  title =        "Современная теория систем управления",
  publisher =    "М.:Наука",
  year =         "1970"
}

@BOOK{bramziff82,
  author =       "Браммер К. and Зиффлинг Г.",
  title =        "Фильтр Калмана-Бьюси",
  publisher =    "М.:Наука",
  year =         "1982"
}

@BOOK{ostrem73,
  author =       "Острем К. Ю.",
  title =        "Введение в стохастическую теорию управления",
  publisher =    "М.:Мир",
  year =         "1973"
}

@BOOK{bolonchin91,
  author =	 "Болонкин В. Е. and Чинаев П. И.",
  title =	 "Анализ и синтез систем автоматического управления на
                  ЭВМ: алгоритмы и программы",
  publisher =	 "М.:Радио и связь",
  year =	 "1991"
}

@BOOK{himmelblau75,
  author =       "Химмельблау Д.",
  title =        "Прикладное нелинейное программирование",
  publisher =    "М.:Мир",
  year =         "1975"
}

@BOOK{brisynho72,
  author =       "Брайсон А. and Хо Ю-Ши",
  title =        "Прикладная теория оптимального управления",
  publisher =    "М.:Мир",
  year =         "1972"
}

@BOOK{adapt63,
  editor =       "Браун Л. and Мишкин Э.",
  title =        "Приспосабливающиеся автоматические системы",
  publisher =    "М.:Изд. иностранной литературы",
  year =         "1963"
}

@INCOLLECTION{samtar96,
  author =	 "Samad Tariq",
  title =	 "Neurocontrol: Concepts and Practical Considerations",
  editor =	 "Gupta M. M. and Sinha N. K.",
  booktitle =	 "Intelligent control systems: theory and
                  applications",
  publisher =	 "IEEE Press",
  year =	 1996,
}

@INCOLLECTION{narpart92,
  author =	 "Kumpati S. Narendra and Kannan Parthasarathy",
  title =	 "Identification and control of dynamical systems
                  using neural networks",
  editor =	 "Vemuri V. R.",
  booktitle =	 "Artificial neural networks: concepts and control
                  applications",
  publisher =	 "IEEE computer soc. press",
  pages =	 "444--468",
  year =	 1992,
}

@ARTICLE{barto83,
  author =	 "Barto A. G. and Sutton R. S. and Anderson C. W.",
  title =	 "Neuron like adaptive elements that can solve
                  difficult learning control problem",
  journal =	 "IEEE Trans. on Systems, Man and Cybernatics",
  year =	 "1983",
  volume =	 "13",
  pages =	 "834--846",
  number =	 "5",
}

@ARTICLE{kulee96,
  author =       "Chao--Chee Ku and Kwang Y. Lee",
  title =        "Diagonal recurrent neural networks for dynamic
                  systems control",
  journal =      "IEEE Trans. on Neural Networks",
  year =         "1996",
  volume =       "6",
  number =       "1",
}

@ARTICLE{[plumer96,
  author =	 "Plumer E. S.",
  title =	 "Optimcal control of terminal processes using neural
                  networks",
  journal =	 "IEEE Trans. on Neural Networks",
  year =	 "1996",
  volume =	 "7",
  number =	 "2",
  pages =	 "408--418",
}

@ARTICLE{bouchard01,
  author =	 "Bouchard M.",
  title =	 "New recursive-least-squares algorithms for
                  non-linear active control of sound and vibration
                  using neural networks",
  journal =	 "IEEE Trans. on Neural Networks",
  year =	 "2001",
  volume =	 "12",
  number =	 "1",
  pages =	 "135--147",
}

@ARTICLE{linwaihong01,
  author =	 "Lin F.-J. and Wai R.-J. and Hong C.-M.",
  title =	 "Hybrid supervisory control using recurrent fuzzy
                  neural network for tracking periodic inputs",
  journal =	 "IEEE Trans. on Neural Networks",
  year =	 "2001",
  volume =	 "12",
  number =	 "1",
  pages =	 "69--90",
}

@ARTICLE{uhrig91,
  author =       "Uhrig R. E.",
  title =        "Potential applications of neural networks to the
                  operation of nuclear power plants",
  journal =      "Nuclear safety",
  year =         "1991",
  volume =       "32",
  pages =        "68--79",
  number =       "1",
}

@ARTICLE{basubart94,
  author =	 "Basu A. and Bartlett E. B.",
  title =	 "Detecting faults in a nuclear power plant by using
                  dynamic node architecture artificial neural
                  networks",
  journal =	 "Nuclear science and engineering",
  year =	 "1994",
  volume =	 "116",
  pages =	 "313--325",
  number =	 "4",
}

@ARTICLE{steck96,
  author =	 "James E. Steck and Kamran Rokhsaz and Shyh--Pyng
                  Shue",
  title =	 "Linear and neural network feedback for flight
                  control decoupling",
  journal =	 "IEEE Control Systems Magazine",
  year =	 "1996",
  volume =	 "16",
  number =	 "4",
}

@ARTICLE{gorfeld96,
  author =       "Gorinevsky D. and Feldkamp L. A.",
  title =        "RBF network feedforward compensation of load
                  disturbance in idle speed control",
  journal =      "IEEE Control Systems Magazine",
  year =         "1996",
  volume =       "16",
  number =       "6",
}

@ARTICLE{trc95,
  author =	 "Tirthankar RayChaudhuri and Leonard G.C. Hamey and
                  Rodney D. Bell",
  title =	 "Neural network control using active learning",
  journal =	 "Control",
  year =	 "1995",
  volume =	 "2",
  pages =	 "369--373",
}

@ARTICLE{toudeft,
  author =	 "Toudeft A. and Kosuth P. and Gallinari P.",
  title =	 "A PID neural controller for unstable delayed linear
                  systems",
}

@BOOK{terehov99,
  author =       "Терехов В. А. and Ефимов Д. В. and Тюкин И. Ю.
                  and Антонов В. Н.",
  title =        "Нейросетевые системы управления",
  publisher =    "Изд. С.-Петербургского университета",
  year =         "1999",
}

@BOOK{sigom00,
  author =       "Сигеру Омату and Марзуки Халид and Рубия Юсоф",
  title =        "Нейроуправление и его приложения",
  publisher =    "М.:Радиотехника",
  year =         "2000",
  series =       "Нейрокомпьютеры и их применение",
}

@TECHREPORT{gibb96,
  author =       "Jondarr C. G. H. Gibb",
  title =        "Back Propagation Family Album",
  institution =  "Department of Computing, Macquarie University",
  year =         "1996",
  number =       "C/TR96--05",
  month =        "August",
}

@TECHREPORT{sontag93,
  author =       "Eduardo D. Sontag",
  title =        "Some topics in neural networks and control",
  institution =  "Department of Mathematics, Rutgers University",
  year =         "1993",
  number =       "LS93--02",
  month =        "July",
}

@TECHREPORT{ronco98,
  author =	 "Eric Ronco and Peter J. Gawthrop and David J. Hill",
  title =	 "Gated modular neural networks for control oriented
                  modelling",
  institution =	 "Systems and control laboratory, University of Sydney
                  and Center for systems and control, University of
                  Glasgow",
  year =	 "1998",
  number =	 "EE-98009",
}

@ARTICLE{linetal,
  author =	 "Tsungnan Lin and Bill G. Horne and Peter Ti\v{n}o
                  and C. Lee Giles",
  title =	 "Learning long-term dependencies is not as difficult
                  with NARX recurrent neural networks",
  journal =	 "IEEE Trans. on Neural Networks",
}

@ARTICLE{khomyu96,
  author =       "Khalid M. and Omatu S. and Yusof R.",
  title =        "Temperature regulation with neural networks and
                  alternative control schemes",
  journal =      "IEEE Trans. on Neural Networks",
  year =         "1996",
  volume =       "6",
  number =       "3",
}

@ARTICLE{park96,
  author =       "Park Y.-M. and Choi M.-S. and Lee K.-Y.",
  title =        "An optimal tracking neuro-controller for non-linear
                  dynamic systems",
  journal =      "IEEE Trans. on Neural Networks",
  year =         "1996",
  volume =       "7",
  number =       "5",
}

@ARTICLE{chenmills97,
  author =       "Peter C. Chen and James K. Mills",
  title =        "Synthesis of neural networks and PID control for
                  performance improvement of industrial robots",
  journal =      "Journal of Intelligent and Robotic Systems",
  year =         "1997",
  volume =       "20",
  pages =        "157--180",
}

@ARTICLE{wangbao00,
  author =       "D. Wang and P. Bao",
  title =        "Enhancing the estimation of plant Jacobian for
                  adaptive neural inverse control",
  journal =      "Neurocomputing",
  year =         "2000",
  pages =        "99--115",
  number =       "34",
}

@PHDTHESIS{filatov83,
  author =	 "Филатов А. С.",
  title =	 "Исследование и разработка алгоритмов куммулятивных
                  сумм в задаче обнаружения разладки дискретного
                  случайного процесса",
  type =	 "к.т.н.",
  school =	 "МЭИ",
  year =	 "1983",
}

@PHDTHESIS{tukin01,
  author =       "Тюкин И. Ю.",
  title =        "Алгоритмический синтез нейросетевых систем управления
                  нелинейными динамическими объектами в условиях
                  неопределенности",
  school =       "ЛЭТИ",
  year =         "2001",
}

@PHDTHESIS{eremin95,
  author =       "Еремин Д. М.",
  title =        "Разработка и исследование нейросетевого регулятора для
                  систем автоматизированного управления",
  type =         "к.т.н.",
  year =         "1995",
}

@MASTERSTHESIS{kav96,
  author =       "Sirous Kavehercy",
  title =        "The Optimal Control of the Water Vessel Process",
  school =       "University of Amsterdam",
  address =      "Autonomous Systems Group",
  month =        may,
  year =         "1996",
}

@UNPUBLISHED{rotach01326,
  author =       "Ротач В. Я.",
  title =        "О применении фази-регуляторов в системах управления
                 теплоэнергетическими процессами",
  month =         mar,
  year =         "2001",
  note =         "Доклад о результатах сравнительного исследования",
}

@INPROCEEDINGS{vasilval02,
  author =	 "Васильев В. И. and Ильясов Б. Г. and Валеев С. С.",
  title =	 "Применение нейронных сетей в системах управления
                  силовых установок летательных аппаратов",
  booktitle =	 "Труды VIII Всероссийской конференции
                  ``Нейрокомпьютеры и их применение'' с международным
                  участием НКП-2002",
  pages =	 "304--309",
  month =	 mar,
  year =	 "2002",
  address =	 "Москва",
  note =	 "Идентификация, гибридное и чисто нейросетевое
                  управление",
}

@INPROCEEDINGS{vasdoged02,
  author =	 "Васильев С. Н. and Догановский С. А. and Эвемский
                  В. М.",
  title =	 "Интеллектное управление дуговыми сталеплавильными
                  печами",
  booktitle =	 "Труды VIII Всероссийской конференции
                  ``Нейрокомпьютеры и их применение'' с международным
                  участием НКП-2002",
  pages =	 "557--564",
  month =	 mar,
  year =	 "2002",
  address =	 "Москва",
  note =	 "Управление неустойчивыми системами с помощью
                  иностранного ПО",
}

@INPROCEEDINGS{dubsubyats02,
  author =	 "Дубровин В. И. and Субботин С. А. and Яценко В. К.",
  title =	 "Нейросетевые технологии в задачах моделирования
                  коэффициента упрочнения деталей авиадвигателей",
  booktitle =	 "Труды VIII Всероссийской конференции
                  ``Нейрокомпьютеры и их применение'' с международным
                  участием НКП-2002",
  pages =	 "572--591",
  month =	 mar,
  year =	 "2002",
  address =	 "Москва",
  note =	 "Моделирование процессов",
}

@INPROCEEDINGS{zhuchkov02,
  author =	 "Жучков А. А.",
  title =	 "Применение нейросетей для реализации типовых задач
                  АСУТП ядерных реакторов с привлечением критериев
                  снижения рисков",
  booktitle =	 "Труды VIII Всероссийской конференции
                  ``Нейрокомпьютеры и их применение'' с международным
                  участием НКП-2002",
  pages =	 "592--593",
  month =	 mar,
  year =	 "2002",
  address =	 "Москва",
  note =	 "Диагностика",
}

@INPROCEEDINGS{kovmed02,
  author =	 "Ковалевский С. В. and Медведев В. В.",
  title =	 "Построение диагностических систем в технологии
                  механообработки на основе нейросетевых технологий",
  booktitle =	 "Труды VIII Всероссийской конференции
                  ``Нейрокомпьютеры и их применение'' с международным
                  участием НКП-2002",
  pages =	 "615--620",
  month =	 mar,
  year =	 "2002",
  address =	 "Москва",
  note =	 "Идентификация",
}

@BOOK{golovko01,
  author =	 "Головко В. А.",
  title =	 "Нейронные сети: обучение, организация и применение",
  publisher =	 "М.:ИПРЖР",
  series =	 "Нейрокомпьютеры и их применение",
  year =	 "2001",
}

%% @COMMENT{file:pican95neurocontrol.ps}
@MISC{pican95,
  author =	 "N. Pican and F. Alexandre and J. Haton and
                  P. Bresson",
  title =	 "NeuroControl of Temperatures with OWE Neural Network
                  Architecture in Continuous Steel Annealing Furnace",
  text =	 "Pican N., Alexandre F., Haton J.P., Bresson P. :
                  NeuroControl of Temperatures with OWE Neural Network
                  Architecture in Continuous Steel Annealing
                  Furnace. Industrial session of ICANN'95. October
                  9--13, 1995.",
  year =	 "1995",
  url =		 "citeseer.nj.nec.com/pican95neurocontrol.html"
}

%% @COMMENT{file:choi-temperature.ps}
@MISC{choi,
  author =	 "Jin Young Choi",
  title =	 "Temperature Control in Rapid Thermal Processing
                  System Using Neural-based Iterative Learning
                  Control",
  url =		 "citeseer.nj.nec.com/403272.html"
}

%% @COMMENT{file:krsse97neural.ps}
@MISC{krsse97,
  author =	 "B. KrSse and J. van Dam",
  title =	 "Neural vehicles",
  text =	 "Ben KrSse, Joris van Dam, Neural vehicles, Neural
                  Systems for Robotics, O. Omidvar and P. van der
                  Smagt (eds.), Academic Press, San Diego, 1997,
                  pp. 271--296.",
  year =	 "1997",
  url =		 "citeseer.nj.nec.com/article/krsse97neural.html"
}

%% @COMMENT{file:97001817.pdf}
@ARTICLE{fabri98,
  author =	 "S. Fabri and V. Kadirkamanathan",
  title =	 "Dual adaptive control of nonlinear stochastic
                  systems using neural networks",
  journal =	 "Automatica",
  volume =	 "34",
  number =	 "2",
  pages =	 "245--253",
  year =	 "1998",
}

%% @COMMENT{file:97001428.pdf}
@ARTICLE{flynn97,
  author =	 "D. Flynn and S. McLoone and G. W. Irwin and
                  M. D. Brown and E. Swidenbank and B. W. Hogg",
  title =	 "Neural control of turbogenerator systems",
  journal =	 "Automatica",
  volume =	 "33",
  number =	 "11",
  pages =	 "1961--1973",
  year =	 "1997",
}

%% @COMMENT{file:00000785.pdf}
@ARTICLE{soresen99,
  author =	 "P. H. S{\o}resen and M. N{\o}rgaard and O. Ravn and
                  N. K. Poulsen",
  title =	 "Implementation of neural network based non-linear
                  predictive control",
  journal =	 "Neurocomputing",
  number =	 "28",
  year =	 "1999",
  pages =	 "37--51",
}

%% @COMMENT{file:95000569.pdf}
@ARTICLE{warwick96,
  author =	 "K. Warwick",
  title =	 "Neural networks for linear control: an analysis",
  journal =	 "Mathematics and Computers in Simulation",
  number =	 "41",
  year =	 "1996",
  pages =	 "29--37",
}

%% @COMMENT{file:96810086.pdf}
@ARTICLE{mondada95,
  author =	 "F. Mondada and D. Floreano",
  title =	 "Evolution of neural control structures: some
                  experiments on mobile robots",
  journal =	 "Robotics and Autonomous Systems",
  number =	 "16",
  year =	 "1995",
  pages =	 "183--195",
}

%% @COMMENT{file:00001157.pdf}
@ARTICLE{wailinlin00,
  author =	 "R.-J. Wai and H.-H. Lin and F.-J. Lin",
  title =	 "Hybrid controller using fuzzy neural networks for
                  identification and control of induction servo motor
                  drive",
  journal =	 "Neurocomputing",
  number =	 "35",
  year =	 "2000",
  pages =	 "91--112",
}

%% @COMMENT{file:00002266.pdf}
@ARTICLE{benne00,
  author =	 "M. Benne and B. Grondin-Perez and J.-P. Chabriat and
                  P. Herv\'e",
  title =	 "Artificial neural networks for modelling and
                  predictive control of an industrial evaporation
                  process",
  journal =	 "Journal of food engineering",
  number =	 "46",
  year =	 "2000",
  pages =	 "227--234",
}

%% @COMMENT{file:00002894.pdf}
@ARTICLE{linjuangli00,
  author =	 "C.-T. Lin and C.-F. Juang and C.-P. Li",
  title =	 "Water bath temperature control with a neural fuzzy
                  inference network",
  journal =	 "Fuzzy Sets and Systems",
  number =	 "111",
  year =	 "2000",
  pages =	 "285--306",
}

%% @COMMENT{file:141442.pdf}
@ARTICLE{muller97,
  author =	 "R. M{\"{u}}ller and H.-H. Hemberger and K. Baier",
  title =	 "Engine control using neural networks: a new method
                  in engine management systems",
  journal =	 "Meccanica",
  number =	 "32",
  year =	 "1997",
  pages =	 "423--430",
}

%% @COMMENT{file:211491.pdf}
@ARTICLE{boquete99,
  author =	 "L. Boquete and R. Garc\'a and R. Barea and M. Mazo",
  title =	 "Neural control of the movements of a wheelchair",
  journal =	 "Journal of intelligent and robotic systems",
  number =	 "25",
  year =	 "1999",
  pages =	 "213--226",
}

%% @COMMENT{file:241102.pdf}
@ARTICLE{liao99,
  author =	 "L.-Z. Liao",
  title =	 "A recurrent neural network for N-stage optimal
                  control problems",
  journal =	 "Neural Processing Letters",
  number =	 "10",
  year =	 "1999",
  pages =	 "195--200",
}

%% @COMMENT{file:86488.pdf}
@ARTICLE{wuhuang96,
  author =       "C.-J. Wu and C.-H. Huang",
  title =        "Back-propagation neural networks for identification
                  and control of a direct drive robot",
  journal =      "Journal of intelligent and robotic systems",
  number =       "16",
  year =         "1996",
  pages =        "45--64",
}

@ARTICLE{levinar95,
  author =	 "Levin A. U. and Narendra K. S.",
  title =	 "Recursive identification using feedforward neural
                  networks",
  journal =	 "International journal of control",
  volume =	 "61",
  number =	 "3",
  pages =	 "533--548",
  year =	 "1995",
}

@INCOLLECTION{narmuk96,
  author =	 "Kumpati S. Narendra and Snehasis Mukkopadhyay",
  title =	 "Intelligent control using neural networks",
  editor =	 "Gupta M. M. and Sinha N. K.",
  booktitle =	 "Intelligent control systems: theory and
                  applications",
  publisher =	 "IEEE Press",
  year =	 1996,
}

@ARTICLE{hayyeeder97,
  author =	 "Haykin S. and Yee P. and Derbez E.",
  title =	 "Optimum nonlinear filtering",
  journal =	 "IEEE Trans. on Signal Processing",
  volume =	 "45",
  number =	 "11",
  year =	 "1997",
}

% not referred
@BOOK{osov04,
  author =	 "Осовский С.",
  title =	 "Нейронные сети для обработки информации",
  publisher =	 "М.:Финансы и статистика",
  year =	 "2004",
}

@BOOK{makloh01,
  editor =	 "Макаров И. М. and Лохин В. М.",
  title =	 "Интеллектуальные системы автоматического управления",
  publisher =	 "М.:ФИЗМАТЛИТ",
  year =	 "2001",
}

@ARTICLE{ottobodkol03,
  author =	 "Otto P. and Bodyanskiy and Kolodyazhniy V.",
  title =	 "A new learning algorithm for a forecasting
                  neuro-fuzzy network",
  journal =	 "Integrated computer aided engineering",
  volume =	 "10",
  number =	 "4",
  year =	 "2003",
  pages =	 "399--409",
}

@misc{petri_network,
  title = {Сеть Петри},
  publisher = {Wikipedia.org},
  howpublished = "\url{http://ru.wikipedia.org/wiki/%D0%A1%D0%B5%D1%82%D1%8C_%D0%9F%D0%B5%D1%82%D1%80%D0%B8}",
  year = {2010}, 
  note = "[Online; accessed 25-Dec-2010]",
}



@article{275001,
 author = {Tetko, Igor V. and Villa, Alessandro E. P.},
 title = {Efficient partition of learning data sets for neural network training},
 journal = {Neural Netw.},
 volume = {10},
 number = {9},
 year = {1997},
 issn = {0893-6080},
 pages = {1361--1374},
 doi = {http://dx.doi.org/10.1016/S0893-6080(97)00005-1},
 publisher = {Elsevier Science Ltd.},
 address = {Oxford, UK, UK},
 }

@misc{bworld,
  title = {Fuzzy controller for an inverted pendulum},
  publisher = {Aptronix, Inc.},
  howpublished = "\url{http://www.aptronix.com/fuzzynet/java/pend/pendjava.htm}",
  year = {2010}, 
  note = "[Online; accessed 24-Nov-2010]"
}

@inbook{rumelhart86,
 author = {Rumelhart, D. E. and Hinton, G. E. and Williams, R. J.},
 title = {Learning internal representations by error propagation},
 book = {Parallel distributed processing: explorations in the microstructure of cognition, vol. 1},
 year = {1986},
 isbn = {0-262-68053-X},
 pages = {318--362},
 numpages = {45},
 url = {http://portal.acm.org/citation.cfm?id=104279.104293},
 acmid = {104293},
 publisher = {MIT Press},
 address = {Cambridge, MA, USA},
} 


%/home/user/Документы/Дисер/NN control articles/:
%Adaptive Neuro-PID Contoller Design with Application to Nonlinear Water Level in NEKA Power Plant.pdf
%A Novel Intelligent Multiple-Controller Framework Incorporating Fuzzy-Logic Based Switching.pdf
%Comparison of NGPC with Approximate and Nonlinear Predictive Control - a Simulation Study.pdf
%Design of a minimum variance MIMO neural self-tuning PID for non-linear dynamic systems.pdf
%Modeling and stability analysis of grey–fuzzy predictive control.pdf
%Thesis - Optimization of Controller Parameters for a Couple Tank System Using Metamodeling Technique.pdf

%/home/user/Документы/Дисер/PID and Nonlinear/:
%131.pdf
%554-292.pdf
%Analysis of CSTR Temperature Control with
%Adaptive and PID Controller.pdf
%Control of Non-Linear Systems Using Parallel Structure of Fuzzy PI+PD Controlle%r.pdf
%Design of Intelligent Controller for Non-Linear Processes_files
%Design of Intelligent Controller for Non-Linear Processes.htm
%Lab01-11.pdf
%Non-linear and Linear Model Based Controller Design for Variable-speed Wind Turbines.pdf
%Variable Structure Control Design of Process Plant Based on Sliding Mode Approach.pdf
