@ARTICLE{bondlog97,
  author =       "Бондарь Т. А., Логовский А. С.",
  title =        "Нейрокомпьютеры в управлении",
  journal =      "Зарубежная радиоэлектроника:
                  Успехи современной радиоэлектроники",
  year =         "1997",
  number =       "2"
}

@ARTICLE{kak95,
  author =       "Kak S. C.",
  title =        "On Quantum Neural Computing",
  journal =      "Information Sciences",
  year =         "1995",
  volume =       "83",
  pages =        "143--160"
}

@BOOK{penrose95,
  author =       "Penrose K.",
  title =        "The shadows of mind",
  publisher =    "Vintage",
  year =         "1995"
}

@BOOK{gal74,
  author =       "Галушкин А. И.",
  title =        "Синтез многослойных систем распознавания",
  publisher =    "М.:Энергия",
  year =         "1974"
}

@ARTICLE{galsud92,
  author =       "Галушкин А. И., Судариков В. А.",
  title =        "Адаптивные нейросетевые алгоритмы решения задач линейной алгебры",
  journal =      "Нейрокомпьютер",
  year =         "1992",
  number =       "2"
}

@ARTICLE{galdsudshab92,
  author =       "Галушкин А. И., Судариков В. А., Шабанов Е. В.",
  title =        "Методика решения задач на нейрокомпьютерах",
  journal =      "Нейрокомпьютер",
  year =         "1992",
  number =       "1"
}

@BOOK{koh80,
  author =       "Кохонен Т.",
  title =        "Ассоциативная память",
  publisher =    "М.:Мир",
  year =         "1980"
}

@BOOK{suykens96,
  author =       "Suykens J. А. К., Vandewalle J. P. L., Moor В. L. R.",
  title =        "Artificial neural networks for modelling and control
                  of non-linear systems",
  publisher =    "Kluwer Academic Publishers",
  year =         "1996"
}

@BOOK{warren97,
  author =       "Warren S. S.",
  title =        "comp.ai.neural-nets FAQ",
  publisher =    "Usenet",
  year =         "1997"
}

@INPROCEEDINGS{ident70,
  author =       "Ермуратский П. В., Круг Г. К., Лецкий Э. К.",
  title =        "Методологические вопросы исследования и управления сложными
                  технологическими процессами",
  booktitle =    "Идентификация и аппаратура для статистических исследований",
  publisher =    "М.:Наука",
  year =         "1970",
  pages =        "7--18"
}

@BOOK{kurop73,
  author =       "Куропаткин П. В.",
  title =        "Теория автоматического управления",
  publisher =    "М.:Высшая школа",
  year =         "1973"
}

@BOOK{netush68,
  editor =       "Нетушил А. В.",
  title =        "Теория автоматического управления. Часть~I",
  publisher =    "М.:Высшая школа",
  year =         "1968"
}

@BOOK{netush72,
  editor =       "Нетушил А. В.",
  title =        "Теория автоматического управления. Часть~II",
  publisher =    "М.:Высшая школа",
  year =         "1972"
}

@BOOK{solod60,
  author =       "Солодовников В. В.",
  title =        "Статистическая динамика линейных систем автоматического
                  управления",
  publisher =    "М.:Физматгиз",
  year =         "1960"
}

@BOOK{skliar65,
  author =       "Скляревич А. Н.",
  title =        "Операторные методы в статистической динамике
                  автоматических систем",
  publisher =    "М.:Наука",
  year =         "1965"
}

@BOOK{medv82,
  author =       "Астапов Ю. М., Медведев В. С.",
  title =        "Статистическая теория систем автоматического
                  регулирования и управления",
  publisher =    "М.:Наука",
  year =         "1982"
}

@BOOK{tsipkin58,
  author =       "Цыпкин Я. З.",
  title =        "Теория импульсных систем",
  publisher =    "М.:Наука",
  year =         "1958"
}

@BOOK{jenkwatts71,
  author =       "Дженкинс Г., Ваттс Д.",
  title =        "Спектральный анализ и его приложения",
  publisher =    "М.:Мир",
  year =         "1971",
  volume =       "1"
}

@BOOK{boxjenk74,
  author =       "Бокс Дж., Дженкинс Г.",
  title =        "Анализ временных рядов. Прогноз и управление",
  publisher =    "М.:Мир",
  year =         "1974",
  volume =       "2"
}

@BOOK{leondes70,
  editor =       "Леондес К. Т.",
  title =        "Современная теория систем управления",
  publisher =    "М.:Наука",
  year =         "1970"
}

@BOOK{bramziff82,
  author =       "Браммер К., Зиффлинг Г.",
  title =        "Фильтр Калмана-Бьюси",
  publisher =    "М.:Наука",
  year =         "1982"
}

@BOOK{ostrem73,
  author =       "Острем К. Ю.",
  title =        "Введение в стохастическую теорию управления",
  publisher =    "М.:Мир",
  year =         "1973"
}

@BOOK{bolonchin91,
  author =       "Болонкин В. Е., Чинаев П. И.",
  title =        "Анализ и синтез систем автоматического управления на
                  ЭВМ: алгоритмы и программы",
  publisher =    "М.:Радио и связь",
  year =         "1991"
}

@BOOK{brisynho72,
  author =       "Брайсон А., Хо Ю-Ши",
  title =        "Прикладная теория оптимального управления",
  publisher =    "М.:Мир",
  year =         "1972"
}

@BOOK{adapt63,
  editor =       "Браун Л., Мишкин Э.",
  title =        "Приспосабливающиеся автоматические системы",
  publisher =    "М.:Изд. иностранной литературы",
  year =         "1963"
}

@ARTICLE{barto83,
  author =       "Barto A. G., Sutton R. S., Anderson C. W.",
  title =        "Neuron like adaptive elements that can solve
                  difficult learning control problem",
  journal =      "IEEE Trans. on Systems, Man and Cybernatics",
  year =         "1983",
  volume =       "SMC-13",
  pages =        "834--846",
  number =       "5"
}

@BOOK{terehov99,
  author =       "Терехов В. А. Ефимов Д. В. Тюкин И. Ю. Антонов В. Н.",
  title =        "Нейросетевые системы управления",
  publisher =    "Изд. С.-Петербургского университета",
  year =         "1999"
}

@BOOK{wasser92,
  author =       "Уоссермен Ф.",
  title =        "Нейрокомпьютерная техника: теория и практика",
  publisher =    "М.:Мир",
  year =         "1992"
}

@BOOK{sigom00,
  author =       "Сигеру Омату, Марзуки Халид, Рубия Юсоф",
  title =        "Нейроуправление и его приложения",
  publisher =    "М.:Радиотехника",
  year =         "2000",
  series =       "Нейрокомпьютеры и их применение"
}

@TECHREPORT{gibb96,
  author =       "Jondarr C. G. H. Gibb",
  title =        "Back Propagation Family Album",
  institution =  "Department of Computing Macquarie University",
  year =         "1996",
  number =       "C/TR96--05",
  month =        "August"
}

@ARTICLE{linetal,
  author =       "Tsungnan Lin, Bill G. Horne, Peter Ti\v{n}o, C. Lee Giles",
  title =        "Learning long-term dependencies is not as
                  difficult with NARX recurrent neural networks",
  journal =      "IEEE Trans. on Neural Networks"
}

@ARTICLE{wangbao00,
  author =       "D. Wang, P. Bao",
  title =        "Enhancing the estimation of plant Jacobian for
                  adaptive neural inverse control",
  journal =      "Neurocomputing",
  year =         "2000",
  pages =        "99--115",
  number =       "34"
}
