% -*-coding: utf-8;-*-
@INPROCEEDINGS{elfil-pta99,
  author =       "Елисеев В. Л. and Филаретов Г. Ф.",
  title =        "Моделирование ПИД-контроллера с помощью
                  искусственной нейронной сети",
  booktitle =    "Перспективные технологии автоматизации",
  pages =        "108",
  year =         "1999",
  address =      "Вологда",
  language     = {russian},
}

@INPROCEEDINGS{filelav-ict99,
  author =	 "Филаретов Г. Ф. and Елисеев В. Л. and Аверченков
                  Е. О.",
  title =	 "Разработка программных средств нейросетевого
                  моделирования случайных процессов и систем
                  управления",
  booktitle =	 "Доклады международной конференции ``Информационные
                  средства и технологии''",
  month =	 oct,
  year =	 "1999",
  address =	 "Москва",
  language     = {russian},
}

@INPROCEEDINGS{filel-ict2000,
  author =	 "Филаретов Г. Ф. and Елисеев В. Л.",
  title =	 "Нейросетевой оптимальный регулятор",
  booktitle =	 "Доклады международной конференции ``Информационные
                  средства и технологии''",
  volume =	 "3",
  pages =        "64--67",
  month =	 oct,
  year =	 "2000",
  address =	 "Москва",
  language     = {russian},
}

@INPROCEEDINGS{filel-ist2000,
  author =       "Филаретов Г. Ф. and Елисеев В. Л.",
  title =        "Метод замены ПИД регулятора нейросетевым",
  year =         "2000",
  language     = {russian},
}

@INPROCEEDINGS{elfil-iwk2000,
  author =	 "Eliseev V. L. and Filaretov G. F.",
  title =	 "Software tool for neural network control algorithm
                  research",
  booktitle =	 "45h International Scientific Colloquium, ",
  month =	 oct,
  year =	 "2000",
  address =	 "Ilmenau Technical University",
}

@INPROCEEDINGS{el-neurocomp2002,
  author =       "Елисеев В. Л.",
  title =        "Нейросетевое оптимальное управление движением мобильного робота",
  booktitle =    "Доклады 10-го Всероссийского семинара ``Нейроинформатика
                  и ее приложения''",
  month =        oct,
  year =         "2002",
  address =      "Красноярск",
  language     = {russian},
}

@INPROCEEDINGS{filel-ict2003,
  author =       "Филаретов Г. Ф. and Елисеев В. Л.",
  title =        "Особенности применения нейронных сетей в системах управления",
  booktitle =	 "Доклады международной конференции ``Информационные
                  средства и технологии''",
  month =	 oct,
  year =	 "2003",
  address =	 "Москва",
  language     = {russian},
}

@INPROCEEDINGS{elzenk-extrob2006,
  author =       "Елисеев В. Л. and Зенкевич С. Л.",
  title =        "Метод нейросетевого оптимального управления",
  booktitle =    "Труды Девятой Всероссийской научно-практической конференции
                  ``Актуальные проблемы защиты и безопасности''",
  volume =	 "5",
  pages =        "251--256",
  month =        apr,
  year =         "2006",
  address =      "Санкт-Петербург",
  language     = {russian},
}

@INPROCEEDINGS{elfil-modctrl2006,
  author =       "Елисеев В. Л. and Филаретов Г. Ф.",
  title =        "Особенности настройки нейросетевого регулятора в контуре
                  управления",
  booktitle =    "Труды XV международного научно-технического семинара
                  ``Современные технологии в задачах управления, автоматики и
                  обработки информации''",
  pages =        "155",
  month =        sep,
  year =         "2006",
  address =      "Алушта",
  language     = {russian},
}

% IWK 2010
@INPROCEEDINGS{filel-iwk2010,
  author =	 "Filaretov G. F. and Eliseev V. L.",
  title =	 "Modified Algorithm of Neural Network Control for
                  Non-stationary Object",
  booktitle =	 "55h International Scientific Colloquium",
  month =	 sep,
  year =	 "2010",
  address =	 "Ilmenau University of Technology",
}

% Вестник МЭИ 2010
@ARTICLE{elfil-vestmei2010,
  author =       "Елисеев В. Л. and Филаретов Г. Ф.",
  title =        "Методика синтеза нейросетевой системы управления
                  нестационарным объектом",
  journal =      "Вестник МЭИ",
  year =         "2010",
  volume =       "3",
  pages =        "100--106",
  language     = {russian},
}

% Алушта 2011
