% -*-coding: koi8-r;-*-
@INPROCEEDINGS{elfil-pta99,
  author =       "Елисеев В. Л. and Филаретов Г. Ф.",
  title =        "Моделирование ПИД-контроллера с помощью
                  искусственной нейронной сети",
  booktitle =    "Перспективные технологии автоматизации",
  pages =        "108",
  year =         "1999",
  address =      "Вологда",
}

@INPROCEEDINGS{filelav-ict99,
  author =	 "Филаретов Г. Ф. and Елисеев В. Л. and Аверченков
                  Е. О.",
  title =	 "Разработка программных средств нейросетевого
                  моделирования случайных процессов и систем
                  управления",
  booktitle =	 "Информационные средства и технологии",
  month =	 oct,
  year =	 "1999",
  address =	 "Москва",
}

@INPROCEEDINGS{filel-ict2000,
  author =	 "Филаретов Г. Ф. and Елисеев В. Л.",
  title =	 "Нейросетевой оптимальный регулятор",
  booktitle =	 "Информационные средства и технологии",
  month =	 oct,
  year =	 "2000",
  address =	 "Москва",
}

@INPROCEEDINGS{filel-ist2000,
  author =       "Филаретов Г. Ф. and Елисеев В. Л.",
  title =        "Нейросетевой оптимальный регулятор",
  booktitle =    "Доклады международной конференции ``Информационные
                  средства и технологии'' Том 3",
  pages =        "64--67",
  month =        oct,
  year =         "2000",
  address =      "Москва",
}

@INPROCEEDINGS{elfil-iwk2000,
  author =	 "Eliseev V. L. and Filaretov G. F.",
  title =	 "Software tool for neural network control algorithm
                  research",
  booktitle =	 "45h International Scientific Colloquium, ",
  month =	 oct,
  year =	 "2000",
  address =	 "Ilmenau Technical University",
}

@INPROCEEDINGS{el-neurocomp2002,
  author =       "Елисеев В. Л.",
  title =        "Нейросетевое оптимальное управление движением мобильного робота",
  booktitle =    "Доклады 10-го Всероссийского семинара ``Нейроинформатика
                  и ее приложения''",
  month =        oct,
  year =         "2002",
  address =      "Красноярск",
}
